// references.bib (read from main.tex)

@book{bib:aho1986compilers,
  title={Compilers, Principles, Techniques},
  author={Aho, Alfred V and Sethi, Ravi and Ullman, Jeffrey D},
  year={1986},
  publisher={Addison wesley Boston}
}

